@book{jurafsky2014speech,
	title={Speech and language processing},
	author={Jurafsky, Dan and Martin, James H},
	volume={3},
	year={2014},
	publisher={Pearson London}
}

